@misc{ABS2021,
author = {ABS},
howpublished = {https://www.abs.gov.au/statistics/standards/australian-statistical-geography-standard-asgs-edition-3/jul2021-jun2026/access-and-downloads/digital-boundary-files},
publisher = {(accessed 1 March 2022)},
title = {{Digital boundary files: Australian Statistical Geography Standard (ASGS) Edition 3, Reference period July 2021 - June 2026}},
year = {2021}
}
@article{Newton2020,
author = {Newton, Peter W. and Rogers, Briony C.},
doi = {10.3390/su12114745},
journal = {Sustainability},
pages = {4745},
title = {{Transforming Built Environments: Towards Carbon Neutral and Blue-Green Cities}},
url = {https://www.mdpi.com/2071-1050/12/11/4745},
volume = {12},
year = {2020}
}
@article{Theeuwes2013,
author = {Theeuwes, N. E. and Solcerov{\'{a}}, A. and Steeneveld, G. J.},
doi = {10.1002/jgrd.50704},
journal = {Journal of Geophysical Research: Atmospheres},
pages = {8881--8896},
title = {{Modeling the influence of open water surfaces on the summertime temperature and thermal comfort in the city}},
volume = {118},
year = {2013}
}
@article{Volker2013,
author = {V{\"{o}}lker, Sebastian and Baumeister, Hendrik and Cla{\ss}en, Thomas and Hornberg, Claudia and Kistemann, Thomas},
doi = {10.3112/erdkunde.2013.04.05},
journal = {Erdkunde},
number = {4},
pages = {355--371},
title = {{Evidence for the temperature-mitigating capacity of urban blue space â€“ a health geographic perspective}},
volume = {67},
year = {2013}
}
@incollection{Jamei2019,
author = {Jamei, Elmira and Tapper, Nigel},
booktitle = {Approaches to Water Sensitive Urban Design},
chapter = {19},
isbn = {9780128128435},
pages = {381--407},
publisher = {Elsevier Inc},
title = {{WSUD and Urban Heat Island Effect Mitigation}},
url = {http://dx.doi.org/10.1016/B978-0-12-812843-5.00019-8 https://www.sciencedirect.com/science/article/pii/B9780128128435000198},
year = {2019}
}
@article{Nazarian2022,
author = {Nazarian, N. and Krayenhoff, E. S. and Bechtel, B. and Hondula, D. M. and Paolini, R. and Vanos, J. and Cheung, T. and Chow, W. T. L. and de Dear, R. and Jay, O. and Lee, J. K. W. and Martilli, A. and Middel, A. and Norford, L. K. and Sadeghi, M. and Schiavon, S. and Santamouris, M.},
doi = {10.1029/2022EF002682},
journal = {Earth's Future},
pages = {e2022EF002682},
title = {{Integrated Assessment of Urban Overheating Impacts on Human Life Earth's Future}},
volume = {10},
year = {2022}
}
@article{Zhao2021,
author = {Zhao, Lei and Oleson, Keith and Bou-Zeid, Elie and Krayenhoff, E. Scott and Bray, Andrew and Zhu, Qing and Zheng, Zhonghua and Chen, Chen and Oppenheimer, Michael},
doi = {10.1038/s41558-020-00958-8},
issn = {1758-6798},
journal = {Nature Climate Change},
pages = {152--157},
publisher = {Springer US},
title = {{Global multi-model projections of local urban climates}},
url = {http://dx.doi.org/10.1038/s41558-020-00958-8},
volume = {11},
year = {2021}
}
@article{Cheung2022b,
author = {Cheung, Pui Kwan and Jim, C. Y. and Tapper, Nigel and Nice, Kerry A. and Livesley, Stephen J.},
doi = {https://doi.org/10.1016/j.uclim.2022.101310},
journal = {Urban Climate},
pages = {101310},
title = {{Daytime irrigation leads to significantly cooler private backyards in summer}},
volume = {46},
year = {2022}
}
@article{Spronken-Smith2010,
author = {Spronken-Smith, R. A. and Oke, T. R.},
doi = {10.1080/014311698214884},
journal = {International Journal of Remote Sensing},
number = {11},
pages = {2085--2104},
title = {{The thermal regime of urban parks in two cities with different summer climates}},
volume = {19},
year = {2010}
}
@article{Loughnan2010,
author = {Loughnan, Margaret E. and Nicholls, Neville and Tapper, Nigel J.},
doi = {10.1016/j.apgeog.2009.08.003},
issn = {01436228},
journal = {Applied Geography},
number = {1},
pages = {63--69},
publisher = {Elsevier Ltd},
title = {{When the heat is on: Threshold temperatures for AMI admissions to hospital in Melbourne Australia}},
url = {http://linkinghub.elsevier.com/retrieve/pii/S0143622809000514},
volume = {30},
year = {2010}
}
@article{Oke1989,
author = {Oke, T. R.},
journal = {Philosopical Transactions of the Royal Society of London. Series B, Biological Sciences},
number = {1223},
pages = {335--349},
title = {{The micrometeorology of the urban forest}},
url = {http://rstb.royalsocietypublishing.org/content/324/1223/335.short},
volume = {324},
year = {1989}
}
@article{Perkins-Kirkpatrick2020,
author = {Perkins-Kirkpatrick, S. E. and Lewis, S. C.},
doi = {10.1038/s41467-020-16970-7},
issn = {2041-1723},
journal = {Nature Communications},
number = {3357},
publisher = {Springer US},
title = {{Increasing trends in regional heatwaves}},
url = {http://dx.doi.org/10.1038/s41467-020-16970-7},
volume = {11},
year = {2020}
}
@article{Probst2022,
author = {Probst, No{\"{e}}mie and Bach, Peter M. and Cook, Lauren M. and Maurer, Max and Leit{\~{a}}o, Jo{\~{a}}o P.},
doi = {10.2166/bgs.2022.028},
journal = {Blue-Green Systems},
keywords = {blue green infrastructure,connectivity,ecosystem services,multi-functional systems,nature-based solutions,urban heat mitigation,urban planning},
title = {{Blue Green Systems for urban heat mitigation: mechanisms, effectiveness and research directions}},
year = {2022}
}
@article{Jia2020,
author = {Jia, Haifeng and Wang, Zheng and Yu, Shaw L.},
journal = {Hydrolink},
pages = {100--102},
title = {{Opportunity And Challenge-China's Sponge City Plan}},
volume = {4},
year = {2020}
}
@book{Woods-Ballard2007,
address = {London},
author = {Woods-Ballard, B. and Kellagher, R. and Martin, P. and Jefferies, Christopher and Bray, R. and Shaffer, P.},
isbn = {9780860176978},
publisher = {CIRIA},
title = {{The SuDS Manual}},
year = {2007}
}
@article{Wong2009,
author = {Wong, T H F and Brown, R R},
doi = {10.2166/wst.2009.436},
issn = {0273-1223},
journal = {Water Science and Technology},
keywords = {Cities,Ecosystem,Water Supply},
number = {3},
pages = {673--82},
pmid = {19657162},
title = {{The water sensitive city: principles for practice.}},
url = {http://www.ncbi.nlm.nih.gov/pubmed/19657162},
volume = {60},
year = {2009}
}
@article{Brunner2013,
author = {Brunner, Julie and Cozens, Paul},
doi = {10.1080/02697459.2012.733525},
isbn = {0269-7459},
issn = {02697459},
journal = {Planning Practice and Research},
number = {2},
pages = {231--255},
pmid = {12974479},
title = {{'Where Have All the Trees Gone?' Urban Consolidation and the Demise of Urban Vegetation: A Case Study from Western Australia}},
url = {https://www.tandfonline.com/doi/abs/10.1080/02697459.2012.733525},
volume = {28},
year = {2013}
}
@techreport{Renouf2020a,
author = {Renouf, M. A. and Kenway, S. J. and Bertram, N. and London, G. and Todorovic, T. and Sainsbury, O. and Nice, K. and Moravej, M. and Sochacka, B.},
file = {:home/kerryn/Documents/Work/PhDResearch/GeneralArticles/Renouf et al. - 2020 - Water Sensitive Outcomes for Infill Development Infill Performance Evaluation Framework. Melbourne, Australia Coo.pdf:pdf},
institution = {CRC for Water Sensitive Cities},
title = {{Water Sensitive Outcomes for Infill Development: Infill Performance Evaluation Framework. Melbourne, Australia: Cooperative Research Centre for Water Sensitive Cities}},
url = {https://watersensitivecities.org.au/wp-content/uploads/2020/09/IRP4{\_}Evaluation-Framework.pdf},
year = {2020}
}
@incollection{Whiteoak2019b,
author = {Whiteoak, Kym},
booktitle = {Approaches to Water Sensitive Urban Design},
chapter = {14},
doi = {10.1016/B978-0-12-812843-5.00014-9},
file = {:home/kerryn/Documents/Work/PhDResearch/GeneralArticles/Chapter-14---Economics-of-Water-Sensitiv{\_}2019{\_}Approaches-to-Water-Sensitive-.pdf:pdf},
isbn = {9780128128435},
pages = {287--302},
publisher = {Elsevier Inc.},
title = {{Economics of Water Sensitive Urban Design}},
url = {http://dx.doi.org/10.1016/B978-0-12-812843-5.00014-9},
year = {2019}
}
@unpublished{Paramatta2021,
author = {{City of Paramatta}},
title = {{Urban Forest}},
note = {{https://www.cityofparramatta.nsw.gov.au/environment/city-in-nature/urban-forest}},
year = {2021}
}
@unpublished{WSROC2021,
author = {{Western Sydney Regional Organisation of Councils (WSROC)}},
title = {{Turn Down the Heat}},
note = {{https://wsroc.com.au/projects/project-turn-down-the-heat}},
year = {2021}
}
@unpublished{CityofPortPhillip2018,
author = {{City of Port Phillip}},
title = {{City of Port Phillip WSUD Guidelines}},
note = {{https://www.portphillip.vic.gov.au/media/1tcd5vel/e27210-19-city-of-port-phillip-wsud{\_}guidelines-final.pdf}},
year = {2018}
}
@article{Li2020b,
author = {Li, Xuecao and Gong, Peng and Zhou, Yuyu and Wang, Jie and Bai, Yuqi and Chen, Bin and Hu, Tengyun and Xiao, Yixiong and Xu, Bing and Yang, Jun and Liu, Xiaoping and Cai, Wenjia and Huang, Huabing and Wu, Tinghai and Wang, Xi and Lin, Peng and Li, Xun and Chen, Jin and He, Chunyang and Li, Xia and Yu, Le and Clinton, Nicholas and Zhu, Zhiliang},
doi = {https://doi.org/10.1088/1748-9326/ab9be3},
journal = {Environ. Res. Lett.},
pages = {094044},
title = {{Mapping global urban boundaries from the global artificial impervious area (GAIA) data}},
volume = {15},
year = {2020}
}
@unpublished{ACTGovernment2019,
author = {{ACT Government}},
isbn = {9781921117848},
title = {{Canberra's Living Infrastructure Plan: Cooling the city}},
note = {{https://www.climatechoices.act.gov.au/policy-programs/canberras-living-infrastructure-plan}},
year = {2019}
}
@unpublished{NSW2015,
author = {{NSW Department of Planning {\&} Environment}},
isbn = {9780731336760},
keywords = {Residential Apartment Development Residential Flat},
title = {{Apartment Design Guide}},
note = {{https://www.planning.nsw.gov.au/apartmentdesignguide}},
year = {2015}
}
@unpublished{GWP2000,
abstract = {GLOBAL WATER PARTNERSHIP 2000. Integrated Water Resource Management. Technical Advisory Committee Background Papers No. 4. Stockholm: Global Water Partnership Secretariate.},
address = {Stockholm},
author = {{Global Water Partnership}},
institution = {Global Water Partnership Secretariate},
isbn = {9163092298},
number = {4},
series = {Technical Advisory Committee Background Papers No. 4},
title = {{Integrated Water Resources Management}},
note = {{https://www.gwp.org/globalassets/global/toolbox/publications/background-papers/04-integrated-water-resources-management-2000-english.pdf}},
year = {2000}
}
@unpublished{NewSouthWales2021,
author = {{New South Wales}},
institution = {{New South Wales Government}},
title = {{State Environmental Planning Policy (Design and Place) 2021}},
year = {2021}
}
@book{IPCC2021,
author = {IPCC},
doi = {10.1017/9781009157896},
editor = {Masson-Delmotte, V. and Zhai, P. and Pirani, A. and Connors, S.L. and P{\'{e}}an, C. and Berger, S. and Caud, N. and Chen, Y. and Goldfarb, L. and Gomis, M.I. and Huang, M. and Leitzell, K. and Lonnoy, E. and Matthews, J.B.R. and Maycock, T.K. and Waterfield, T. and Yelek{\c{c}}i, O. and Yu, R. and Zhou, B.},
isbn = {9781009157896},
pages = {2391},
publisher = {Cambridge University Press, Cambridge, United Kingdom and New York, NY, USA},
title = {{Climate Change 2021: The Physical Science Basis. Contribution of Working Group I to the Sixth Assessment Report of the Intergovernmental Panel on Climate Change}},
year = {2021}
}
@article{Demuzere2022,
author = {Demuzere, Matthias and Kittner, Jonas and Martilli, Alberto and Mills, Gerald and Moede, Christian and Stewart, Iain D. and van Vliet, Jasper and Bechtel, Benjamin},
doi = {https://doi.org/10.5194/essd-2022-92},
journal = {Earth System Science Data Discussions},
title = {{A global map of Local Climate Zones to support earth system modelling and urban scale environmental science}},
year = {2022}
}
@article{Hersbach2020,
author = {Hersbach, Hans and Bell, Bill and Berrisford, Paul and Hirahara, Shoji and Hor{\'{a}}nyi, Andr{\'{a}}s and Nicolas, Julien and Peubey, Carole and Radu, Raluca and Bonavita, Massimo and Dee, Dick and Dragani, Rossana and Flemming, Johannes and Forbes, Richard and Geer, Alan and Hogan, Robin J and Janiskov{\'{a}}, H{\'{o}}lm Marta and Keeley, Sarah and Laloyaux, Patrick and Cristina, Philippe Lopez and Th{\'{e}}paut, Jean-no{\"{e}}l},
doi = {10.1002/qj.3803},
journal = {Quarterly Journal of the Royal Meteorological Society},
pages = {1999--2049},
title = {{The ERA5 global reanalysis}},
year = {2020}
}
@article{Pulkkinen2021,
author = {Pulkkinen, Jari and Louis, Jean-Nicolas},
doi = {10.1016/j.dib.2021.107209},
isbn = {2018091811434},
issn = {2352-3409},
journal = {Data in Brief},
keywords = {"Building Energy Simulation","Climate change","Future outdoor temperature","Morphing"},
pages = {107209},
publisher = {Elsevier Inc.},
title = {{Near- and medium-term hourly morphed mean and extreme future temperature datasets for Jyv{\"{a}}skyl{\"{a}} , Finland, for building thermal energy demand simulations}},
url = {https://doi.org/10.1016/j.dib.2021.107209},
volume = {37},
year = {2021}
}
@article{Belcher2005,
author = {Belcher, S. E. and Hacker, J. N. and Powell, D. S.},
journal = {Building Serv. Eng. Res. Technol.},
number = {1},
pages = {49--61},
title = {{Constructing design weather data for future climates}},
volume = {26},
year = {2005}
}
@article{Eyring2016,
author = {Eyring, Veronika and Bony, Sandrine and Meehl, Gerald A. and Senior, Catherine A. and Stevens, Bjorn and Stouffer, Ronald J. and Taylor, Karl E.},
doi = {10.5194/gmd-9-1937-2016},
journal = {Geoscientific Model Development},
pages = {1937--1958},
title = {{Overview of the Coupled Model Intercomparison Project Phase 6 (CMIP6) experimental design and organization}},
volume = {9},
year = {2016}
}
@article{Broadbent2019,
author = {Broadbent, Ashley M. and Coutts, Andrew M. and Nice, Kerry A. and Demuzere, Matthias and Krayenhoff, E. Scott},
doi = {https://doi.org/10.5194/gmd-12-785-2019},
journal = {Geoscientific Model Development},
pages = {785--803},
title = {{The Air-temperature Response to Green/blue-infrastructure Evaluation Tool (TARGET v1.0): an efficient and user-friendly model of city cooling}},
volume = {12},
year = {2019}
}

@article{Peng2022,
author = {Peng, Wangchongyu and Wang, Rui and Duan, Jin and Gao, Weijun and Fan, Zhengxi},
doi = {10.1016/j.uclim.2022.101136},
issn = {2212-0955},
journal = {Urban Climate},
pages = {101136},
publisher = {Elsevier B.V.},
title = {{Surface and canopy urban heat islands: Does urban morphology result in the spatiotemporal differences?}},
url = {https://doi.org/10.1016/j.uclim.2022.101136},
volume = {42},
year = {2022}
}
@article{Li2022,
author = {Li, Xueqin and Stringer, Lindsay C. and Dallimer, Martin},
doi = {10.1016/j.scs.2022.103798},
issn = {2210-6707},
journal = {Sustainable Cities and Society},
pages = {103798},
publisher = {Elsevier Ltd},
title = {{The role of blue green infrastructure in the urban thermal environment across seasons and local climate zones in East Africa}},
url = {https://doi.org/10.1016/j.scs.2022.103798},
volume = {80},
year = {2022}
}
@article{Fu2022,
author = {Fu, Jiacheng and Wang, Yupeng and Zhou, Dian and Cao, Shi-Jie},
doi = {10.1016/j.scs.2022.103781},
issn = {2210-6707},
journal = {Sustainable Cities and Society},
pages = {103781},
publisher = {Elsevier Ltd},
title = {{Impact of Urban Park Design on Microclimate in Cold Regions using newly developped prediction method}},
url = {https://doi.org/10.1016/j.scs.2022.103781},
volume = {80},
year = {2022}
}
@article{Erell2022,
author = {Erell, Evyatar and Zhou, Bin},
doi = {10.1016/j.buildenv.2022.108867},
issn = {0360-1323},
journal = {Building and Environment},
pages = {108867},
publisher = {Elsevier Ltd},
title = {{The effect of increasing surface cover vegetation on urban microclimate and energy demand for building heating and cooling}},
url = {https://doi.org/10.1016/j.buildenv.2022.108867},
volume = {213},
year = {2022}
}
@article{Middel2020,
author = {Middel, Ariane and Turner, V Kelly and Schneider, Florian A and Zhang, Yujia and Stiller, Matthew},
journal = {Environ. Res. Lett.},
keywords = {cool pavement,heat mitigation,original content from,pedestrian thermal exposure,the,this work may be,under the terms of,urban heat island,used},
title = {{Solar reflective pavements â€” A policy panacea to heat mitigation?}},
year = {2020}
}
@article{Solcerova2018,
author = {Solcerova, Anna and van Emmerik, Tim and Hilgersom, Koen and van de Ven, Frans and van de Giesen, Nick},
doi = {10.3390/w10060741},
journal = {Water},
keywords = {cooling,dts,energy balance,evaporative,experimental hydrology,meteorology,urban climate,urban heat island},
number = {741},
title = {{Uchimizu: A Cool(ing) Tradition to Locally Decrease Air Temperature}},
volume = {10},
year = {2018}
}
@article{Hendel2016,
author = {Hendel, Martin and Gutierrez, Pierre and Colombert, Morgane and Diab, Youssef and Royon, Laurent},
doi = {10.1016/j.uclim.2016.02.003},
issn = {22120955},
journal = {Urban Climate},
pages = {43--58},
publisher = {Elsevier B.V.},
title = {{Measuring the effects of urban heat island mitigation techniques in the field: Application to the case of pavement-watering in Paris}},
url = {http://dx.doi.org/10.1016/j.uclim.2016.02.003},
volume = {16},
year = {2016}
}

@article{Jacobs2018Roof,
author = {Jacobs, S. and Gallant, A. and Tapper, N. and Li, D.},
journal = {J. Appl. Meteor. Climatol.},
title = {{Use of cool roofs and vegetation to mitigate urban heat and improve human thermal stress in Melbourne, Australia.}},
url = {https://journals.ametsoc.org/doi/abs/10.1175/JAMC-D-17-0243.1},
year = {2018}
}
@article{Masson2005,
author = {Masson, V.},
doi = {10.1007/s00704-005-0142-3},
issn = {0177-798X},
journal = {Theoretical and Applied Climatology},
number = {1-3},
pages = {35--45},
title = {{Urban surface modeling and the meso-scale impact of cities}},
url = {http://www.springerlink.com/index/10.1007/s00704-005-0142-3},
volume = {84},
year = {2005}
}
@misc{BureauofMeteorology2021,
author = {{Bureau of Meteorology}},
url = {http://www.bom.gov.au/climate/data/acorn-sat/},
title = {{Long-term temperature record: Australian Climate Observations Reference Network - Surface Air Temperature (ACORN-SAT).}},
year = {2021}
}
@phdthesis{Nice2016,
author = {Nice, Kerry A.},
school = {Monash University},
title = {{Development, validation, and demonstration of the VTUF-3D v1.0 urban micro-climate model to support assessments of urban vegetation influences on human thermal comfort}},
type = {PhD Thesis},
year = {2016}
}

@article{Cheung2021,
author = {Cheung, Pui Kwan and Livesley, Stephen J and Nice, Kerry A.},
doi = {10.1016/j.scs.2021.102974},
issn = {2210-6707},
journal = {Sustainable Cities and Society},
pages = {102974},
publisher = {Elsevier B.V.},
title = {{Estimating the cooling potential of irrigating green spaces in 100 global cities with arid, temperate or continental climates}},
url = {https://doi.org/10.1016/j.scs.2021.102974},
year = {2021}
}
@article{Pebesma2018,
  author = {Pebesma, Edzer},
  doi = {10.32614/RJ-2018-009},
  journal = {The R Journal},
  pages = {439--446},
  title = {{Simple Features for R: Standardized Support for Spatial Vector Data}},
  volume = {10},
  year = {2018}
  }
@article{Broadbent2017a,
author = {Broadbent, Ashley M. and Coutts, Andrew M. and Tapper, Nigel J. and Demuzere, Matthias and Beringer, Jason},
doi = {10.1007/s00704-017-2241-3},
issn = {0177-798X},
journal = {Theor. Appl. Climatol.},
pages = {1--23},
publisher = {Theoretical and Applied Climatology},
title = {{The microscale cooling effects of water sensitive urban design and irrigation in a suburban environment}},
year = {2017}
}
@article{Alexander2021,
author = {Alexander, Cici},
doi = {10.1016/j.jag.2020.102265},
issn = {0303-2434},
journal = {International Journal of Applied Earth Observations and Geoinformation},
keywords = {Building height,Land cover,Landsat 8,Urban Heat Island,Vegetation height},
pages = {102265},
publisher = {Elsevier B.V.},
title = {{Influence of the proportion, height and proximity of vegetation and buildings on urban land surface temperature}},
url = {https://doi.org/10.1016/j.jag.2020.102265},
volume = {95},
year = {2021}
}
@article{Emery2021,
author = {Emery, Justin and Pohl, Benjamin and Cretat, Julien and Richard, Yves and Pergaud, Julien and Rega, Mario and Zito, Sebastien and Dudek, Julita and Vairet, Thibaut and Joly, Daniel and Thevein, Thomas},
doi = {10.1016/j.uclim.2021.101017},
journal = {Urban Climate},
pages = {101017},
title = {{How local climate zones influence urban air temperature: Measurements by bicycle in Dijon, France}},
volume = {40},
year = {2021}
}
@article{Masson2020,
author = {Masson, Val{\'{e}}ry and Heldens, Wieke and Bocher, Erwan and Bonhomme, Marion and Bucher, B{\'{e}}n{\'{e}}dicte and Burmeister, Cornelia and Munck, C{\'{e}}cile De and Esch, Thomas and Hidalgo, Julia and Kanani-S{\"{u}}hring, Farah and Kwok, Yu-Ting and Lemonsu, Aude and L{\'{e}}vy, Jean-Pierre and Maronga, Bj{\"{o}}rn and Pavlik, Dirk and Petit, Gwendall and See, Linda and Schoetter, Robert and Tornay, Nathalie and Votsis, Athanasios and Zeidler, Julian},
doi = {10.1016/j.uclim.2019.100536},
issn = {2212-0955},
journal = {Urban Climate},
pages = {100536},
publisher = {Elsevier},
title = {{City-descriptive input data for urban climate models: Model requirements, data sources and challenges}},
url = {https://doi.org/10.1016/j.uclim.2019.100536},
volume = {31},
year = {2020}
}
@article{stewart2014eval,
author = {Stewart, Iain D and Oke, T R and Krayenhoff, E Scott},
doi = {10.1002/joc.3746},
journal = {International Journal of Climatology},
keywords = {canopy-layer air temperature,field observations,local climate zones,site classification,urban heat island},
pages = {1062--1080},
title = {{Evaluation of the â€˜local climate zone' scheme using temperature observations and model simulations}},
volume = {34},
year = {2014}
}
@book{Oke1987z,
address = {London and New York},
author = {Oke, T. R.},
edition = {2nd},
publisher = {Routledge},
title = {{Boundary Layer Climates}},
year = {1987}
}
@article{Verdonck2018,
author = {Verdonck, Marie-Leen and Demuzere, Matthias and Hooyberghs, Hans and Beck, Christoph and Cyrys, Josef and Schneider, Alexandra and Dewulf, Robert and {Van Coillie}, Frieke},
doi = {10.1016/j.landurbplan.2018.06.004},
issn = {01692046},
journal = {Landscape and Urban Planning},
keywords = {Belgium,Heat stress,Local climate zones,Thermal behaviour,UrbClim model,Urban heat islands},
pages = {183--197},
publisher = {Elsevier},
title = {{The potential of local climate zones maps as a heat stress assessment tool, supported by simulated air temperature data}},
url = {https://doi.org/10.1016/j.landurbplan.2018.06.004},
year = {2018}
}

@article{Hammerberg2018,
author = {Hammerberg, Kris and Brousse, Oscar and Martilli, Alberto and Mahdavi, Ardeshir},
doi = {10.1002/joc.5447},
issn = {10970088},
journal = {International Journal of Climatology},
keywords = {WRF BEPâ€“BEM,WUDAPT,crowdsourcing,local climate zones,urban canopy models,urban heat island,weather underground},
pages = {e1241--e1257},
title = {{Implications of employing detailed urban canopy parameters for mesoscale climate modelling: a comparison between WUDAPT and GIS databases over Vienna, Austria}},
volume = {38},
year = {2018}
}

@article{Potgieter2021,
author = {Potgieter, Julia and Nazarian, Negin and Lipson, Mathew J and Hart, Melissa A and Ulpiani, Giulia and Morrison, William and Benjamin, Kit},
doi = {10.3389/fenvs.2021.720323},
journal = {Frontiers in Enviromental Science},
pages = {720323},
title = {{Combining High-Resolution Land Use Data With Crowdsourced Air Temperature to Investigate Intra-Urban Microclimate}},
volume = {9},
year = {2021}
}
@article{Bechtel2019,
author = {Bechtel, Benjamin and Alexander, Paul J and Beck, Christoph and B{\"{o}}hner, J{\"{u}}rgen and Brousse, Oscar and Ching, Jason and Demuzere, Matthias and Fonte, Cid{\'{a}}lia and G{\'{a}}l, Tam{\'{a}}s and Hidalgo, Julia and Ho, Peter and Middel, Ariane and Mills, Gerald and Ren, Chao and See, Linda and Sismanidis, Panagiotis and Verdonck, Marie-leen and Xu, Guang and Xu, Yong},
doi = {10.1016/j.uclim.2018.10.001},
journal = {Urban Climate},
pages = {24--45},
title = {{Urban Climate Generating WUDAPT Level 0 data â€“ Current status of production and evaluation}},
volume = {27},
year = {2019}
}
@article{Ching2019,
author = {Ching, Jason and Aliaga, Dan and Mills, Gerald and et al.},
doi = {10.1016/j.uclim.2019.100459},
journal = {Urban Climate},
pages = {100459},
title = {{Pathway using WUDAPT's Digital Synthetic City tool towards generating urban canopy parameters for multi-scale urban atmospheric modeling}},
url = {https://www.sciencedirect.com/science/article/abs/pii/S2212095519300975},
volume = {28},
year = {2019}
}
@article{Stewart2012b,
author = {Stewart, I. D. and Oke, T. R.},
doi = {10.1175/BAMS-D-11-00019.1},
issn = {0003-0007},
journal = {Bulletin of the American Meteorological Society},
number = {12},
pages = {1879--1900},
title = {{Local Climate Zones for Urban Temperature Studies}},
url = {http://journals.ametsoc.org/doi/abs/10.1175/BAMS-D-11-00019.1},
volume = {93},
year = {2012}
}
@article{Ching2018a,
author = {Ching, J. and Mills, G. and Bechtel, B. and See, L and Feddema, J. and Wang, X. and Ren, C. and Brousse, O. and Martilli, A. and Neophytou, M. and Mouzourides, P. and Stewart, I. and Hanna, A. and Ng, E. and Foley, M. and Alexander, P. and Aliaga, D. and Niyogi, D. and Shreevastava, A. and Bhalachandran, P. and Masson, V. and Hidalgo, J. and Fung, J. and Andrade, M. and Baklanov, A. and Dai, W. and Milcinski, G. and Demuzere, M. and Brunsell, N. and Pesaresi, M and Miao, S. and Mu, Q. and Chen, F. and Theeuwes, N.},
doi = {10.1175/BAMS-D-16-0236.1},
issn = {0003-0007},
journal = {Bulletin of the American Meteorological Society},
pages = {BAMS--D--16--0236.1},
title = {{World Urban Database and Access Portal Tools (WUDAPT), an urban weather, climate and environmental modeling infrastructure for the Anthropocene}},
url = {http://journals.ametsoc.org/doi/10.1175/BAMS-D-16-0236.1},
year = {2018}
}
@article{Demuzere2019,
author = {Demuzere, Matthias and Bechtel, Benjamin and Middel, Ariane and Mills, Gerald},
journal = {PLoS ONE},
number = {4},
pages = {e0214474},
title = {{Mapping Europe into local climate zones}},
url = {https://journals.plos.org/plosone/article?id=10.1371/journal.pone.0214474},
volume = {14},
year = {2019}
}
@article{Middel2019a,
author = {Middel, Ariane and Krayenhoff, E Scott},
doi = {10.1016/j.scitotenv.2019.06.085},
issn = {0048-9697},
journal = {Science of the Total Environment},
keywords = {Extreme heat,MaRTy,Mean radiant temperature,Microscale Urban Design,Radiation budget decomposition,Thermal comfort},
pages = {137--151},
publisher = {The Authors},
title = {{Micrometeorological determinants of pedestrian thermal exposure during record-breaking heat in Tempe, Arizona: Introducing the MaRTy observational platform}},
url = {https://doi.org/10.1016/j.scitotenv.2019.06.085},
volume = {687},
year = {2019}
}

@article{Kaluarachichi2020,
author = {Kaluarachichi, T. U. N. and Tjoelker, M. G. and Pfautsch, S.},
journal = {Forests},
keywords = {green space,microclimate,surface temperature,urban heat island,western sydney},
pages = {1141},
title = {{Temperature Reduction in Urban Surface Materials through Tree Shading Depends on Surface Type Not Tree Species}},
url = {https://www.mdpi.com/1999-4907/11/11/1141},
volume = {11},
year = {2020}
}
@article{Lee2018,
author = {Lee, Ivan and Voogt, James and Gillespie, Terry},
doi = {10.3390/atmos9030091},
issn = {2073-4433},
journal = {Atmosphere},
keywords = {cooling strategies,human health,human thermal comfort,microclimate measurement,urban design},
number = {3},
pages = {91},
title = {{Analysis and Comparison of Shading Strategies to Increase Human Thermal Comfort in Urban Areas}},
url = {http://www.mdpi.com/2073-4433/9/3/91},
volume = {9},
year = {2018}
}

@article{Krayenhoff2021,
author = {Krayenhoff, Eric Scott and Broadbent, Ashley M. and Zhao, Lei and Georgescu, Matei and Middel, Ariane and Voogt, James A. and Martilli, Alberto and Sailor, David J and Erell, Evyatar},
journal = {Environ. Res. Lett.},
title = {{Cooling hot cities: A systematic and critical review of the numerical modelling literature}},
year = {2021}
}

@article{Coutts2015,
author = {Coutts, A. M. and White, Emma C. and Tapper, Nigel J. and Beringer, Jason and Livesley, Stephen J.},
doi = {10.1007/s00704-015-1409-y},
issn = {0177-798X},
journal = {Theoretical and Applied Climatology},
number = {1},
pages = {55--68},
title = {{Temperature and human thermal comfort effects of street trees across three contrasting street canyon environments}},
url = {http://link.springer.com/10.1007/s00704-015-1409-y},
volume = {124},
year = {2015}
}

@article{Aniello1995,
author = {Aniello, Cathy and Morgan, Ken and Busbey, Arthur and Newland, Leo},
journal = {Computers {\&} Geosciences},
keywords = {remote},
number = {8},
pages = {965--969},
title = {{MAPPING MICRO-URBAN HEAT ISLANDS USING LANDSAT TM AND A GIS}},
volume = {21},
year = {1995}
}

@article{Zhu2012a,
author = {Zhu, Xiufang and Liang, Shunlin and Pan, Yaozhong},
doi = {10.1007/s10584-012-0435-3},
journal = {Climatic Change},
pages = {799--811},
title = {{Observational evidence of the cooling effect of agricultural irrigation in Jilin, China}},
volume = {114},
year = {2012}
}

@article{Ossola2021,
author = {Ossola, Alessandro and Jenerette, G Darrel and McGrath, Andrew and Chow, Winston and Hughes, Lesley and Leishman, Michelle R},
doi = {10.1016/j.landurbplan.2021.104046},
issn = {0169-2046},
journal = {Landscape and Urban Planning},
keywords = {Adaptation,Climate change,Extreme heat,Public health,Risk planning},
pages = {104046},
publisher = {Elsevier B.V.},
title = {{Small vegetated patches greatly reduce urban surface temperature during a summer heatwave in Adelaide, Australia}},
url = {https://doi.org/10.1016/j.landurbplan.2021.104046},
volume = {209},
year = {2021}
}

@article{Manoli2019,
author = {Manoli, Gabriele and Fatichi, Simone and Schl{\"{a}}pfer, Markus and Yu, Kailiang and Crowther, Thomas W. and Meili, Naika and Burlando, Paolo and Katul, Gabriel G. and Bou-Zeid, Elie},
doi = {10.1038/s41586-019-1512-9},
issn = {1476-4687},
journal = {Nature},
pages = {55--60},
publisher = {Springer US},
title = {{Magnitude of urban heat islands largely explained by climate and population}},
url = {http://dx.doi.org/10.1038/s41586-019-1512-9 https://www.nature.com/articles/s41586-019-1512-9},
volume = {573},
year = {2019}
}

@article{Duncan2018,
author = {Duncan, J M A and Boruff, B and Saunders, A and Sun, Q and Hurley, J and Amati, M},
doi = {10.1016/j.scitotenv.2018.11.223},
issn = {0048-9697},
journal = {Science of the Total Environment},
publisher = {Elsevier B.V},
title = {{Turning down the heat: An enhanced understanding of the relationship between urban vegetation and surface temperature at the city scale}},
url = {https://doi.org/10.1016/j.scitotenv.2018.11.223 https://www.sciencedirect.com/science/article/pii/S0048969718345790},
year = {2018}
}
@article{Kantor2011,
author = {K{\'{a}}ntor, No{\'{e}}mi and Unger, J{\'{a}}nos},
doi = {10.2478/s13533-011-0010-x},
isbn = {2081-9900},
issn = {2391-5447},
journal = {Open Geosciences},
keywords = {calculation,definition,mean radiant temperature,measurement,modelling},
number = {1},
pages = {90--100},
title = {{The most problematic variable in the course of human-biometeorological comfort assessment - the mean radiant temperature}},
volume = {3},
year = {2011}
}
@article{Martilli2020,
author = {Martilli, Alberto and Krayenhoff, E Scott and Nazarian, Negin},
doi = {10.1016/j.uclim.2019.100541},
journal = {Urban Climate},
title = {{Is the Urban Heat Island intensity relevant for heat mitigation studies?}},
url = {https://www.sciencedirect.com/science/article/pii/S2212095519300070},
volume = {31},
year = {2020}
}
@article{Oke1982,
author = {Oke, TR},
journal = {Quarterly Journal of the Royal Meteorological Society},
pages = {1--24},
title = {{The energetic basis of the urban heat island}},
url = {http://onlinelibrary.wiley.com/doi/10.1002/qj.49710845502/abstract},
volume = {108},
year = {1982}
}
@article{Martilli2020a,
author = {Martilli, Alberto and Roth, Matthias and Chow, Winston and Demuzere, Matthias and Lipson, Mathew and Krayenhoff, E. Scott and Sailor, David and Nazarian, Negin and Voogt, James and Wouters, Hendrik and Middel, Ariane and Stewart, Iain D. and Bechtel, Benjamin and Christen, Andreas and Hart, Melissa A.},
doi = {10.31219/osf.io/8gnbf},
journal = {OSF Preprints},
pages = {55--60},
title = {{Summer average urban-rural surface temperature differences do not indicate the need for urban heat reduction}},
year = {2020}
}
@techreport{IPCC2013a,
address = {Cambridge, United Kingdom and New York, NY, USA},
author = {IPCC},
editor = {{Stocker, T.F., D. Qin, G.-K. Plattner, M. Tignor, S.K. Allen, J. Boschung, A. Nauels, Y. Xia}, V. Bex and P.M. Midgley},
institution = {Intergovernmental Panel on Climate Change},
isbn = {9781107661820},
publisher = {Cambridge University Press},
title = {{Climate Change 2013: The Physical Science Basis. Contribution of Working Group I to the Fifth Assessment Report of the Intergovernmental Panel on Climate Change}},
year = {2013}
}
@article{Coffel2018,
author = {Coffel, Ethan D and Horton, Radley M and de Sherbinin, Alex},
doi = {https://doi.org/10.1088/1748-9326/aaa00e},
journal = {Environ. Res. Lett.},
pages = {014001},
title = {{Temperature and humidity based projections of a rapid rise in global heat stress exposure during the 21st century}},
volume = {13},
year = {2018}
}
@article{Nicholls2008,
author = {Nicholls, Neville and Skinner, Carol and Loughnan, Margaret and et al.},
doi = {10.1007/s00484-007-0132-5},
isbn = {0048400701325},
issn = {0020-7128},
journal = {International Journal of Biometeorology},
keywords = {Aged,Climate,Female,Greenhouse Effect,Hot Temperature,Hot Temperature: adverse effects,Humans,Male,Mortality,Public Health,Public Health: methods,Temperature,Urban Health Services,Victoria},
number = {5},
pages = {375--84},
pmid = {18058138},
title = {{A simple heat alert system for Melbourne, Australia}},
url = {http://www.ncbi.nlm.nih.gov/pubmed/18058138},
volume = {52},
year = {2008}
}
@article{Coates2014,
author = {Coates, Lucinda and Haynes, Katharine and O'Brien, James and et al.},
doi = {10.1016/j.envsci.2014.05.003},
issn = {1462-9011},
journal = {Environmental Science and Policy},
pages = {33--44},
publisher = {Elsevier Ltd},
title = {{Exploring 167 years of vulnerability: An examination of extreme heat events in Australia 1844-2010}},
url = {http://dx.doi.org/10.1016/j.envsci.2014.05.003 https://www.sciencedirect.com/science/article/pii/S1462901114000999},
volume = {42},
year = {2014}
}
@article{Coutts2016d,
author = {Coutts, Andrew M. and Harris, Richard J. and Phan, Thu and Livesley, Stephen J. and Williams, Nicholas S.G. and Tapper, Nigel J.},
doi = {10.1016/j.rse.2016.09.007},
isbn = {0034-4257},
issn = {00344257},
journal = {Remote Sensing of Environment},
keywords = {Heat mitigation,Planning tools,Thermal infrared remote sensing,Urban climate,Urban greening},
pages = {637--651},
publisher = {Elsevier Inc.},
title = {{Thermal infrared remote sensing of urban heat: Hotspots, vegetation, and an assessment of techniques for use in urban planning}},
url = {http://dx.doi.org/10.1016/j.rse.2016.09.007},
volume = {186},
year = {2016}
}

@misc{reback2020pandas,
    author       = {The pandas development team},
    title        = {pandas-dev/pandas: Pandas},
    month        = feb,
    year         = 2020,
    publisher    = {Zenodo},
    version      = {latest},
    doi          = {10.5281/zenodo.3509134},
    url          = {https://doi.org/10.5281/zenodo.3509134}
}
@article{Lindberg2018,
author = {Lindberg, Fredrik and Grimmond, C. S.B. and Gabey, Andrew and et al.},
doi = {10.1016/j.envsoft.2017.09.020},
issn = {13648152},
journal = {Environmental Modelling and Software},
keywords = {Green infrastructure,Heat risk,QGIS,Solar energy,Urban climate services},
pages = {70--87},
title = {{Urban Multi-scale Environmental Predictor (UMEP): An integrated tool for city-based climate services}},
volume = {99},
year = {2018}
}
@article{Erell2006,
author = {Erell, E and Williamson, T},
doi = {10.1002/joc},
journal = {International Journal of Climatology},
keywords = {climate modelling,microclimate,urban canyon,weather stations},
number = {12},
pages = {1671--1694},
publisher = {Wiley Online Library},
title = {{Simulating air temperature in an urban street canyon in all weather conditions using measured data at a reference meteorological station}},
url = {http://onlinelibrary.wiley.com/doi/10.1002/joc.1328/abstract},
volume = {26},
year = {2006}
}
@article{Nazarian2018,
author = {Nazarian, Negin and Sin, Tiffany and Norford, Leslie},
doi = {10.1016/j.uclim.2018.09.001},
journal = {Urban Climate},
pages = {212--230},
title = {{Urban Climate Numerical modeling of outdoor thermal comfort in 3D}},
volume = {26},
year = {2018}
}
@article{Dominik2019,
author = {Dominik, Fr{\"{o}}hlich and Andreas, Matzarakis},
journal = {Geoscientific Model Development Discussions},
pages = {1--21},
title = {{Calculating human thermal comfort and thermal stress in the PALM model system 6.0}},
url = {https://www.geosci-model-dev-discuss.net/gmd-2019-202/},
year = {2019}
}
@phdthesis{Bruse1999,
author = {Bruse, Michael},
school = {University of Bochum, Germany (in German)},
title = {{The influences of local environmental design on microclimate- development of a prognostic numerical Model ENVI-met for the simulation of Wind, temperature and humidity distribution in urban structures}},
year = {1999}
}

@misc{ggridges,
    title = {ggridges: Ridgeline Plots in 'ggplot2'},
    author = {Claus O. Wilke},
    year = {2020},
    note = {R package version 0.5.2},
    url = {https://CRAN.R-project.org/package=ggridges},
 }
@article{Hunter2007,
author = {Hunter, J. D.},
journal = {Computing In Science {\&} Engineering},
number = {3},
pages = {90--95},
title = {{Matplotlib: A 2D graphics environment}},
volume = {9},
year = {2007}
}
@techreport{Devereux2017,
author = {Devereux, Drew and Caccetta, Peter},
series = {Report EP173542 Horticulture Innovation Australia (HIA) Where Should All The Trees Go? Project Version 2},
title = {{Estimation of Land Surface Temperature and Urban Heat Island effect for Australian urban centres}},
volume = {2},
year = {2017}
}
@article{scikit-learn,
 title={Scikit-learn: Machine Learning in {P}ython},
 author={Pedregosa, F. and Varoquaux, G. and Gramfort, A. and Michel, V.
         and Thirion, B. and Grisel, O. and Blondel, M. and Prettenhofer, P.
         and Weiss, R. and Dubourg, V. and Vanderplas, J. and Passos, A. and
         Cournapeau, D. and Brucher, M. and Perrot, M. and Duchesnay, E.},
 journal={Journal of Machine Learning Research},
 volume={12},
 pages={2825--2830},
 year={2011}
}
@article{Coutts2007,
author = {Coutts, A. M. and Beringer, Jason and Tapper, Nigel J.},
doi = {10.1175/JAM2462.1},
issn = {1558-8424},
journal = {Journal of Applied Meteorology and Climatology},
number = {4},
pages = {477--493},
title = {{Impact of Increasing Urban Density on Local Climate: Spatial and Temporal Variations in the Surface Energy Balance in Melbourne, Australia}},
url = {http://journals.ametsoc.org/doi/abs/10.1175/JAM2462.1},
volume = {46},
year = {2007}
}

@article{Nice2018a,
author = {Nice, Kerry A. and Coutts, Andrew M. and Tapper, Nigel J.},
doi = {10.1016/j.uclim.2017.12.008},
isbn = {978-1-5090-4304-0},
issn = {22120955},
journal = {Urban Climate},
keywords = {Human thermal comfort,Mean radiant temperature,Micro-climate modelling,UTCI,Urban vegetation,VTUF-3D},
pages = {1052--1076},
title = {{Development of the VTUF-3D v1.0 urban micro-climate model to support assessment of urban vegetation influences on human thermal comfort}},
volume = {24},
year = {2018}
}
@article{Nice2022a,
author = {Nice, Kerry A. and Nazarian, Negin and Lipson, Mathew J. and Hart, Melissa A. and Seneviratne, Sachith and Thompson, Jason and Naserikia, Marzie and Godic, Branislava and Stevenson, Mark},
doi = {10.1016/j.buildenv.2022.109502},
issn = {0360-1323},
journal = {Building and Environment},
publisher = {Elsevier Ltd.},
title = {{Isolating the impacts of urban form and fabric from geography on urban heat and human thermal comfort}},
url = {https://doi.org/10.1016/j.buildenv.2022.109502},
year = {2022}
}
@article{Brode2012a,
author = {Br{\"{o}}de, Peter and Fiala, Dusan and Blazejczyk, Krzysztof and Holm{\'{e}}r, Ingvar and Jendritzky, Gerd and Kampmann, Bernhard and Tinz, Birger and Havenith, George},
doi = {10.1007/s00484-011-0454-1},
isbn = {1432-1254 (Electronic)$\backslash$n0020-7128 (Linking)},
issn = {00207128},
journal = {International Journal of Biometeorology},
keywords = {Index,Outdoor climate,Simulation model,Thermal comfort,Thermal stress,Thermophysiology},
number = {3},
pages = {481--494},
pmid = {21626294},
title = {{Deriving the operational procedure for the Universal Thermal Climate Index (UTCI)}},
volume = {56},
year = {2012}
}

@misc{Geoscape2020,
author = {Geoscape},
howpublished = {https://geoscape.com.au/},
title = {{Australian Spatial data for 3D buildings, building heights {\&} land parcels}},
year = {2020}
}
@article{Maaten2008,
author = {Van Der Maaten, Laurens and Hinton, Geoffrey},
journal = {Journal of Machine Learning Research},
keywords = {dimensionality reduction,embedding algorithms,manifold learning,multidimensional scaling,visualization},
pages = {2579--2605},
title = {{Visualizing Data using t-SNE}},
volume = {9},
year = {2008}
}
@article{McInnes2018,
archivePrefix = {arXiv},
arxivId = {arXiv:1802.03426},
author = {McInnes, Leland and Healy, John and Melville, James},
eprint = {arXiv:1802.03426},
journal = {arXiv},
title = {{UMAP: Uniform Manifold Approximation and Projection for Dimension Reduction}},
year = {2018}
}
@article{Louf2014a,
archivePrefix = {arXiv},
author = {Louf, R{\'{e}}mi and Barthelemy, Marc},
doi = {10.1098/rsif.2014.0924},
isbn = {1742-5689},
issn = {1742-5689},
journal = {J. R. Soc. Interface},
keywords = {environmental science},
pages = {1--7},
pmid = {25297318},
title = {{A typology of street patterns}},
volume = {11},
year = {2014}
}
@article{Barreto2006,
author = {Barreto, Guilherme A. and Souza, Lu{\'{i}}s Gustavo M},
doi = {10.1016/j.neunet.2006.05.005},
isbn = {0893-6080 (Print)
0893-6080 (Linking)},
issn = {08936080},
journal = {Neural Networks},
number = {6-7},
pages = {785--798},
pmid = {16809020},
title = {{Adaptive filtering with the self-organizing map: A performance comparison}},
volume = {19},
year = {2006}
}
@article{Masson2020a,
author = {Masson, Val{\'{e}}ry and Lemonsu, Aude and Hidalgo, Julia and Voogt, James},
doi = {https://doi.org/10.1146/annurev-environ-012320-083623},
journal = {Annu. Rev. Environ. Resour.},
keywords = {adaptation,climate,climate change in cities,downscaling,urban climate,urban heat island,urban planning for climate},
pages = {411--444},
title = {{Urban Climates and Climate Change}},
year = {2020}
}
@article{Kohonen1982,
author = {Kohonen, Teuvo},
doi = {10.1007/BF00337288},
isbn = {0262010976},
issn = {03401200},
journal = {Biological Cybernetics},
number = {1},
pages = {59--69},
pmid = {1000253659},
title = {{Self-organized formation of topologically correct feature maps}},
volume = {43},
year = {1982}
}
@phdthesis{Koleheimen2004,
author = {Kolehmainen, Mikko},
isbn = {9517813058},
school = {Helsinki University of Technology},
title = {{Data exploration with self-organizing maps in environmental informatics and bioinformatics}},
type = {PhD},
year = {2004}
}
@misc{Oracle2018,
author = {Oracle},
howpublished = {https://docs.oracle.com/javase/8/docs/index.html},
title = {{Java Platform Standard Edition 8 Documentation}},
year = {2018}
}
@article{Sturges1926,
author = {Sturges, Herbert A},
doi = {10.1080/01621459.1926.10502161},
journal = {Journal of the American Statistical Association},
number = {153},
pages = {65--66},
title = {{The Choice of a Class Interval}},
volume = {21},
year = {1926}
}
@misc{GoogleStatic2017,
author = {{Google}},
howpublished = {(accessed 15 June 2017)},
title = {{Google Static Maps API, Available from https://developers.google.com/maps/documentation/static-maps}},
year = {2017}
}
@article{Sinnott1984,
author = {Sinnott, RW},
journal = {Sky {\&} Telescope},
pages = {159},
title = {{Virtues of the Haversine}},
volume = {68},
year = {1984}
}
@book{Barthelemy2016,
author = {Barthelemy, Marc},
doi = {10.1017/9781316271377},
isbn = {9781316271377},
pages = {278},
publisher = {Cambridge University Press},
title = {{The Structure and Dynamics of Cities: Urban Data Analysis and Theoretical Modeling}},
year = {2016}
}
@misc{UN2014,
author = {{United Nations}},
publisher = {https://population.un.org/wup/},
title = {{Department of Economic and Social Affairs, Population Division, World Urbanization Prospects: The 2014 Revision}},
url = {https://population.un.org/wup/},
year = {2014}
}
@book{Lynch1981,
address = {Cambridge, MA},
author = {Lynch, Kevin},
isbn = {9780262620468},
pages = {514},
publisher = {MIT Press},
title = {{Good City Form}},
year = {1984}
}
@book{Mouden1988,
address = {Cambridge, MA},
author = {Moudon, Anne Vernez},
pages = {288},
publisher = {MIT Press},
title = {{Built for change}},
year = {1986}
}
@book{Allain2004,
address = {Paris},
author = {Allain, R{\'{e}}my},
publisher = {Armand Colin},
title = {{Morphologie urbaine}},
year = {2004}
}
@book{Castex1980,
address = {Paris},
author = {Castex, J. and Depaule, J-C. and Panerai, P.},
publisher = {Dunod},
title = {{Formes urbaines: De l'{\^{i}}lot {\`{a}} la barre}},
year = {1980}
}
@book{Caniggi1979,
address = {Venice},
author = {Caniggia, G. and Maffei, G. L.},
publisher = {Marsilio},
title = {{Composizione architettonica e tipologia edilizia 1: lettura dell'edilizia di base}},
year = {1979}
}
@book{Conzen1960,
address = {London},
author = {Conzen, M. R. G.},
pages = {122},
publisher = {Orge Philip {\&} Son},
title = {{Alnwick, Northumberland: A Study in Town-Plan Analysis}},
year = {1960}
}
@article{Kropf2014,
author = {Kropf, Karl},
journal = {Urban Morphology},
keywords = {abstraction,buildings,environment as a whole,hierarchy,however simple and concrete,is both diverse and,might be,of a particular place,plots,streets,the built,the experience,typology},
number = {1},
pages = {41--57},
title = {{Ambiguity in the definition of built form}},
volume = {18},
year = {2014}
}
@inproceedings{Steiger2015,
author = {Steiger, M. and Bernard, J. and Thum, S. and Mittelst{\"{a}}dt, S. and Hutter, M. and Keim, D. and Kohlhammer, J.},
booktitle = {WSCG 2015 Conference on Computer Graphics, Visualization and Computer Vision},
doi = {10.1016/S0378-4347(99)00243-1},
isbn = {9788086943657},
keywords = {color maps,explorative analysis},
pages = {151--160},
title = {{Explorative Analysis of 2D Color Maps}},
year = {2015}
}
@misc{Jackle2017,
author = {J{\"{a}}ckle, Dominik},
title = {{Color2D, available at https://github.com/dominikjaeckle/Color2D}},
year = {2017}
}
@misc{QGIS2009,
author = {{QGIS Development Team}},
title = {{QGIS Geographic Information System. Open Source Geospatial Foundation. URL http://qgis.osgeo.org}},
year = {2009}
}
@article{Giles-Corti2016,
author = {Giles-Corti, Billie and Vernez-Moudon, Anne and Reis, Rodrigo and Turrell, Gavin and Dannenberg, Andrew L and Badland, Hannah and Foster, Sarah and Lowe, Melanie and Sallis, James F and Stevenson, Mark and Owen, Neville},
doi = {10.1016/S0140-6736(16)30066-6},
issn = {0140-6736},
journal = {The Lancet},
number = {16},
pages = {1--13},
publisher = {Elsevier Ltd},
title = {{Urban design, transport, and health 1 City planning and population health: a global challenge}},
volume = {6736},
year = {2016}
}
@article{Kleinert2016,
author = {Kleinert, Sabine and Horton, Richard},
journal = {The Lancet},
number = {16},
pages = {1--11},
title = {{Urban design: an important future force for health and wellbeing}},
volume = {6736},
year = {2016}
}
@article{Goenka2016,
author = {Goenka, Shifalika and Andersen, Lars Bo},
doi = {10.1016/S0140-6736(16)31580-X},
issn = {0140-6736},
journal = {The Lancet},
number = {16},
pages = {8--10},
publisher = {Elsevier Ltd},
title = {{Urban design and transport to promote healthy lives}},
volume = {6736},
year = {2016}
}
@article{Zapata-Diomedi2017,
author = {Zapata-Diomedi, Belen and Knibbs, Luke D. and Ware, Robert S. and Heesch, Kristiann C. and Tainio, Marko and Woodcock, James and Veerman, J. Lennert},
doi = {10.1371/journal.pone.0184799},
isbn = {1111111111},
issn = {19326203},
journal = {PLoS ONE},
number = {10},
pages = {1--21},
pmid = {29020093},
title = {{A shift from motorised travel to active transport: What are the potential health gains for an Australian city?}},
volume = {12},
year = {2017}
}
@article{Heesch2014,
author = {Heesch, Kristiann C and Giles-Corti, Billie and Turrell, Gavin},
isbn = {0091-7435},
journal = {Preventive Medicine},
keywords = {*cycling,*environmental factor,*perception,*procedures,*psychological aspect,*psychology,*recreation,*social status,*traffic and transport,Australia,adult,aged,article,comparative study,cross-sectional study,cycling,employment,female,human,income,longitudinal study,male,middle aged,motor vehicle,neighborhood,parttime employment,priority journal,recreation,sedentary lifestyle,socioeconomics,traffic and transport,walking},
pages = {29--35},
title = {{Cycling for transport and recreation: Associations with socio-economic position, environmental perceptions, and psychological disposition}},
volume = {63},
year = {2014}
}
@article{Daley2011,
doi = {10.1016/j.tranpol.2010.08.004},
isbn = {0967070X},
issn = {0967070X},
journal = {Transport Policy},
keywords = {Cycling,Physical activity,Qualitative research},
number = {1},
pages = {211--216},
pmid = {55210552},
publisher = {Elsevier},
title = {{Perspectives and images of cycling as a barrier or facilitator of cycling}},
volume = {18},
year = {2011}
}
@article{Cepeda2016,
author = {Cepeda, Magda and Schoufour, Josje and Freak-poli, Rosanne and Koolhaas, Chantal M and Dhana, Klodian and Bramer, Wichor M and Franco, Oscar H},
doi = {10.1016/S2468-2667(16)30021-4},
issn = {2468-2667},
journal = {Lancet Public Health},
number = {1},
pages = {e23--e34},
publisher = {The Author(s). Published by Elsevier Ltd. This is an Open Access article under the CC BY-NC-ND license},
title = {{Levels of ambient air pollution according to mode of transport: a systematic review}},
volume = {2},
year = {2016}
}
@article{MingWen2008,
author = {{Ming Wen}, Li and Rissel, Chris},
doi = {10.1016/j.ypmed.2007.08.009},
isbn = {0091-7435 (Print)$\backslash$n0091-7435},
issn = {00917435},
journal = {Preventive Medicine},
keywords = {Active transport,Cycling,Overweight and obesity,Population survey},
number = {1},
pages = {29--32},
pmid = {17904210},
title = {{Inverse associations between cycling to work, public transport, and overweight and obesity: Findings from a population based study in Australia}},
volume = {46},
year = {2008}
}
@article{Norman2006,
author = {Norman, Jonathan and MacLean, Heather L and Kennedy, Christopher A},
journal = {Journal of Urban Planning and Development},
number = {March},
pages = {10--21},
title = {{Comparing High and Low Residential Density: Life-Cycle Analysis of Energy Use and Greenhouse Gas Emissions}},
year = {2006}
}
@article{Thompson2018b,
author = {Thompson, J and Stevenson, M and Wijnands, J and Nice, KA and Aschwanden, GDPA and Silver, J and Nieuwenhuijsen, M.},
journal = {In-preparation},
title = {{Linking derived city typologies and health; A new global perspective}},
year = {2018}
}
@article{Harris1943,
author = {Harris, Chauncy D.},
journal = {Geographical Review},
number = {1},
pages = {86--99},
title = {{A Functional Classification of Cities in the United States}},
volume = {33},
year = {1943}
}
@article{Nelson1955,
author = {Nelson, Howard J.},
journal = {Economic Geography},
number = {3},
pages = {189--210},
title = {{A Service Classification of American Cities}},
volume = {31},
year = {1955}
}
@article{Bruce1971,
author = {Bruce, Grady D and Witt, Robert E},
journal = {The Sociological Quarterly},
pages = {238--246},
title = {{Developing Empirically Derived City Typologies: An Application of Cluster Analysis}},
volume = {12},
year = {1971}
}
@book{Hillier1996,
author = {Hillier, Bill},
doi = {10.1016/S0142-694X(97)89854-7},
isbn = {9780955622403},
issn = {0142694X},
pmid = {12459547},
publisher = {Cambridge University Press},
title = {{Space is the machine}},
year = {1996}
}
@article{Zhang2013,
author = {Zhang, Qian and Seto, Karen C.},
doi = {10.3390/rs5073476},
isbn = {2072-4292},
issn = {20724292},
journal = {Remote Sensing},
keywords = {Accuracy assessment,DMSP/OLS,Urban growth,Urbanization},
number = {7},
pages = {3476--3494},
title = {{Can night-time light data identify typologies of urbanization? A global assessment of successes and failures}},
volume = {5},
year = {2013}
}
@article{Hermosilla2014,
author = {Hermosilla, Txomin and Palomar-V{\'{a}}zquez, Jes{\'{u}}s and Balaguer-Beser, {\'{A}}ngel and Balsa-Barreiro, Jos{\'{e}} and Ruiz, Luis A.},
doi = {10.1016/j.compenvurbsys.2013.12.002},
isbn = {0198-9715},
issn = {01989715},
journal = {Computers, Environment and Urban Systems},
keywords = {Classification,High-resolution imagery,LiDAR,Remote sensing,Urban metrics,Urban morphology},
pages = {68--79},
publisher = {Elsevier Ltd},
title = {{Using street based metrics to characterize urban typologies}},
volume = {44},
year = {2014}
}
@article{Liu2016,
author = {Liu, Liu and Zhou, Bolei and Zhao, Jinhua and Ryan, Brent D.},
doi = {10.1007/s10708-016-9739-6},
isbn = {0343-2521},
issn = {15729893},
journal = {GeoJournal},
keywords = {City image,Cognitive mapping,Geo-tagged photos,Urban computing},
number = {6},
pages = {817--861},
publisher = {Springer Netherlands},
title = {{C-IMAGE: city cognitive mapping through geo-tagged photos}},
volume = {81},
year = {2016}
}
@incollection{Zhou2014a,
author = {Zhou, Bolei and Liu, Liu and Oliva, Aude and Torralba, Antonio},
booktitle = {Computer Vision â€“ ECCV 2014. ECCV 2014. Lecture Notes in Computer Science},
editor = {Fleet, D. and Pajdla, T. and Schiele, B. and Tuytelaars, T.},
isbn = {9783319105772},
issn = {16113349},
keywords = {Geo-tagged image analysis,attribute,city identity,spatial analysis,urban planning},
pages = {519--534},
publisher = {Springer, Cham},
title = {{Recognizing city identity via attribute analysis of geo-tagged images}},
volume = {8691},
year = {2014}
}
@article{Dubey2016,
archivePrefix = {arXiv},
author = {Dubey, Abhimanyu and Naik, Nikhil and Parikh, Devi and Raskar, Ramesh and Hidalgo, C{\'{e}}sar A.},
isbn = {9783319464473},
issn = {16113349},
journal = {Lecture Notes in Computer Science},
keywords = {Attributes,Crowdsourcing,Perception,Street view},
pages = {196--212},
pmid = {4520227},
title = {{Deep learning the city: Quantifying urban perception at a global scale}},
volume = {9905},
year = {2016}
}
@inproceedings{Naik2014,
author = {Naik, Nikhil and Philipoom, Jade and Raskar, Ramesh and Hidalgo, Cesar},
booktitle = {Proceedings of the 2014 IEEE Conference on Computer Vision and Pattern Recognition Workshops},
doi = {10.1109/CVPRW.2014.121},
isbn = {9781479943098},
issn = {21607516},
keywords = {internet vision,trueskill,urban computing,urban planning,visual analysis beyond semantics},
pages = {793--799},
title = {{Streetscore -- Predicting the Perceived Safety of One Million Streetscapes}},
year = {2014}
}
@article{Salesses2013,
author = {Salesses, Philip and Schechtner, Katja and Hidalgo, C{\'{e}}sar A.},
doi = {10.1371/journal.pone.0068400},
isbn = {1932-6203},
issn = {19326203},
journal = {PLoS ONE},
number = {7},
pmid = {23894301},
title = {{The Collaborative Image of The City: Mapping the Inequality of Urban Perception}},
volume = {8},
year = {2013}
}
@article{Doersch2012,
author = {Doersch, Carl and Singh, Saurabh and Gupta, Abhinav and Sivic, Josef and Efros, Alexei},
journal = {ACM Transactions on Graphics, Association for Computing Machinery},
keywords = {big,computational geography,data,data mining,reference art,visual perception,visual summarization},
number = {4},
title = {{What Makes Paris Look like Paris?}},
volume = {31},
year = {2012}
}
@article{Anholt2006,
author = {Anholt, Simon},
journal = {Place Branding},
number = {1},
pages = {18--31},
title = {{The Anholt-GMI City Brands Index: How the world sees the world's cities}},
volume = {2},
year = {2006}
}
@article{Williams2010,
address = {Melbourne},
author = {Williams, Ruth},
journal = {The Age},
month = {may},
pages = {Online},
title = {{'Tower plans cast shadow over Collins Street's 'Paris end''}},
volume = {May 10},
year = {2010}
}
@article{Wilden2013,
author = {Wilden, Necia},
journal = {The Australian},
pages = {Online},
title = {{'France-Soir: A bite of Paris on the Yarra'}},
volume = {December 2},
year = {2013}
}
@book{Hillier1989,
address = {Cambridge},
author = {Hillier, Bill and Hanson, Julienne},
pages = {296},
pmid = {6574547},
publisher = {Cambridge University Press},
title = {{The Social Logic of Space}},
year = {1989}
}
@book{Southworth2013,
author = {Southworth, Michael and Ben-Joseph, Eran},
pages = {208},
publisher = {Island Press},
title = {{Streets and the shaping of towns and cities}},
year = {2003}
}
@misc{GoogleArchive2011,
author = {{Google Code Archive}},
title = {convex-hull, available at https://code.google.com/archive/p/convex-hull/},
year = {2011}
}
@misc{Javagl2017,
author = {Javagl},
title = {{Geom: Utility classes for geometry computations, available at https://github.com/javagl/Geom}},
year = {2017}
}
@article{Suchard2018,
author = {Suchard, Marc A and Lemey, Philippe and Baele, Guy and Ayres, Daniel L and Drummond, Alexei J and Rambaut, Andrew},
doi = {10.1093/ve/vey016},
isbn = {0000000328265},
journal = {Virus Evolution},
keywords = {bayesian inference,markov chain monte carlo,phylodynamics,phylogenetics},
number = {1},
pages = {1--5},
title = {{Bayesian phylogenetic and phylodynamic data integration using BEAST 1.10}},
volume = {4},
year = {2018}
}
@incollection{Wegener1986,
address = {Amsterdam: North Holland},
author = {Wegener, Michael and Gnad, Friedrich and Vannahme, Michael},
booktitle = {Advances in Urban Systems Modelling},
editor = {Hutchinson, B. and Batty, M.},
pages = {175--197},
publisher = {Spiekermann-Wegener},
title = {{The Time Scale of Urban Change}},
year = {1986}
}
@article{Porta2006a,
archivePrefix = {arXiv},
arxivId = {physics/0506009},
author = {Porta, Sergio and Crucitti, Paolo and Latora, Vito},
doi = {10.1068/b32045},
eprint = {0506009},
isbn = {0265-8135},
issn = {02658135},
journal = {Environment and Planning B: Planning and Design},
number = {5},
pages = {705--725},
primaryClass = {physics},
title = {{The network analysis of urban streets: A primal approach}},
volume = {33},
year = {2006}
}
@article{Strano2012,
archivePrefix = {arXiv},
arxivId = {1203.0300},
author = {Strano, Emanuele and Nicosia, Vincenzo and Latora, Vito and Porta, Sergio and Barth{\'{e}}lemy, Marc},
doi = {10.1038/srep00296},
eprint = {1203.0300},
isbn = {2045-2322},
issn = {20452322},
journal = {Scientific Reports},
pmid = {22389765},
title = {{Elementary processes governing the evolution of road networks}},
volume = {2},
year = {2012}
}
@book{Jacobs1961,
address = {New York},
author = {Jacobs, Jane},
publisher = {Vintage Books},
title = {{The Death and Life of Great American Cities}},
year = {1962}
}
@article{Courtat2011,
archivePrefix = {arXiv},
arxivId = {arXiv:1010.1762v2},
author = {Courtat, Thomas and Gloaguen, Catherine and Douady, Stephane},
doi = {10.1103/PhysRevE.83.036106},
eprint = {arXiv:1010.1762v2},
isbn = {1539-3755},
issn = {15393755},
journal = {Physical Review E - Statistical, Nonlinear, and Soft Matter Physics},
number = {3},
pages = {38--40},
pmid = {21517557},
title = {{Mathematics and morphogenesis of cities: A geometrical approach}},
volume = {83},
year = {2011}
}
@article{Cardillo2006,
archivePrefix = {arXiv},
arxivId = {physics/0510162},
author = {Cardillo, Alessio and Scellato, Salvatore and Latora, Vito and Porta, Sergio},
doi = {10.1103/PhysRevE.73.066107},
eprint = {0510162},
isbn = {1539-3755},
issn = {15393755},
journal = {Physical Review E - Statistical, Nonlinear, and Soft Matter Physics},
number = {6},
pages = {1--8},
pmid = {16906914},
primaryClass = {physics},
title = {{Structural properties of planar graphs of urban street patterns}},
volume = {73},
year = {2006}
}
@article{Fialkowski2008,
author = {Fialkowski, Marcin and Bitner, Agnieszka},
doi = {10.1007/s10980-008-9268-x},
isbn = {0921-2973},
issn = {09212973},
journal = {Landscape Ecology},
keywords = {Land fragmentation,Land parcels,Morphology,Patterns,Scaling laws,Urbanization process},
number = {9},
pages = {1013--1022},
title = {{Universal rules for fragmentation of land by humans}},
volume = {23},
year = {2008}
}
@misc{Badalge2018,
author = {Badalge, Keshia and Fairchild, Cullen},
booktitle = {The National Interest},
title = {{One Thing North Korea Has That the South Doesn't: Google Maps}},
url = {https://nationalinterest.org/blog/the-buzz/one-thing-north-korea-has-the-south-doesnt-google-maps-24650},
year = {2018}
}
@techreport{UNDESA2019,
author = {UNDESA},
isbn = {9789211483185},
title = {{World Urbanization Prospects 2018}},
url = {https://population.un.org/wup/Publications/},
year = {2019}
}

@article{Raymer2018,
author = {Raymer, James and Baffour, Bernard},
doi = {10.1007/s11113-018-9482-4},
isbn = {0123456789},
issn = {1573-7829},
journal = {Population Research and Policy Review},
keywords = {Australia,Foreign-born,Immigrants,Internal migration,australia,foreign-born,immigrants,internal migration},
publisher = {Springer Netherlands},
title = {{Subsequent Migration of Immigrants Within Australia, 1981â€“2016}},
url = {https://doi.org/10.1007/s11113-018-9482-4},
year = {2018}
}
@article{Frank2000,
author = {Frank, Lawrence D.},
journal = {Journal of Planning Education and Research},
keywords = {Bicycling,Connectivity,Fatalities,Health,Land use,Mixed use development,Motor Vehicles,Physical Fitness,Physical condition,Population Density,Public Health,Quality of Life,Travel patterns,Walking},
number = {1},
pages = {6--22},
title = {{Land Use and Transportation Interaction: Implications on Public Health and Quality of Life}},
volume = {20},
year = {2000}
}
@article{Kuhnert2006,
author = {K{\"{u}}hnert, Christian and Helbing, Dirk and West, Geoffrey B.},
doi = {10.1016/j.physa.2006.01.058},
isbn = {0378-4371},
issn = {03784371},
journal = {Physica A: Statistical Mechanics and its Applications},
keywords = {Power law,Scaling,Supply network,Urban agglomerations},
number = {1},
pages = {96--103},
title = {{Scaling laws in urban supply networks}},
url = {https://www.sciencedirect.com/science/article/pii/S037843710600094X},
volume = {363},
year = {2006}
}
@article{Lobo2013,
author = {Lobo, Jos{\'{e}} and Bettencourt, Lu{\'{i}}s M.A. and Strumsky, Deborah and West, Geoffrey B.},
doi = {10.1371/journal.pone.0058407},
isbn = {1932-6203},
issn = {19326203},
journal = {PLoS ONE},
number = {3},
pmid = {23544042},
title = {{Urban Scaling and the Production Function for Cities}},
url = {https://journals.plos.org/plosone/article?id=10.1371/journal.pone.0058407},
volume = {8},
year = {2013}
}
@article{Bettencourt2007,
archivePrefix = {arXiv},
arxivId = {arXiv:1011.1669v3},
author = {Bettencourt, L. M. A. and Lobo, J. and Helbing, D. and Kuhnert, C. and West, G. B.},
doi = {10.1073/pnas.0610172104},
eprint = {arXiv:1011.1669v3},
isbn = {0027-8424},
issn = {0027-8424},
journal = {Proceedings of the National Academy of Sciences},
number = {17},
pages = {7301--7306},
pmid = {17438298},
title = {{Growth, innovation, scaling, and the pace of life in cities}},
url = {http://www.pnas.org/cgi/doi/10.1073/pnas.0610172104},
volume = {104},
year = {2007}
}
@article{Stevenson2016,
author = {Stevenson, Mark and Thompson, Jason and S{\'{a}}, Thiago H{\'{e}}rick De and Ewing, Reid and Mohan, Dinesh and Mcclure, Rod and Roberts, Ian and Tiwari, Geetam and Giles-Corti, Billie and Sun, Xiaoduan and Wallace, Mark and Woodcock, James},
doi = {10.1016/S0140-6736(16)30067-8},
journal = {The Lancet},
number = {16},
pages = {1--11},
title = {{Land use, transport, and population health: estimating the health benefits of compact cities}},
url = {http://www.thelancet.com/journals/lancet/article/PIIS0140-6736(16)30067-8/abstract},
volume = {6736},
year = {2016}
}
@article{Sallis2016,
author = {Sallis, James F and Bull, Fiona and Burdett, Ricky and Frank, Lawrence D and Griffi, Peter and Giles-Corti, Billie and Stevenson, Mark},
doi = {10.1016/S0140-6736(16)30068-X},
issn = {0140-6736},
journal = {The Lancet},
number = {16},
pages = {1--11},
publisher = {Elsevier Ltd},
title = {{Use of science to guide city planning policy and practice: how to achieve healthy and sustainable future cities}},
url = {http://dx.doi.org/10.1016/S0140-6736(16)30068-X},
volume = {6736},
year = {2016}
}
@article{Landrigan2017,
author = {Landrigan, Philip J. and Fuller, Richard and Acosta, Nereus J.R. and Adeyi, Olusoji and Arnold, Robert and Basu, Niladri and Bald{\'{e}}, Abdoulaye Bibi and Bertollini, Roberto and Bose-O'Reilly, Stephan and Boufford, Jo Ivey and Breysse, Patrick N. and Chiles, Thomas and Mahidol, Chulabhorn and Coll-Seck, Awa M. and Cropper, Maureen L. and Fobil, Julius and Fuster, Valentin and Greenstone, Michael and Haines, Andy and Hanrahan, David and Hunter, David and Khare, Mukesh and Krupnick, Alan and Lanphear, Bruce and Lohani, Bindu and Martin, Keith and Mathiasen, Karen V. and McTeer, Maureen A. and Murray, Christopher J.L. and Ndahimananjara, Johanita D. and Perera, Frederica and Poto{\v{c}}nik, Janez and Preker, Alexander S. and Ramesh, Jairam and Rockstr{\"{o}}m, Johan and Salinas, Carlos and Samson, Leona D. and Sandilya, Karti and Sly, Peter D. and Smith, Kirk R. and Steiner, Achim and Stewart, Richard B. and Suk, William A. and van Schayck, Onno C.P. and Yadama, Gautam N. and Yumkella, Kandeh and Zhong, Ma},
doi = {10.1016/S0140-6736(17)32345-0},
issn = {1474547X},
journal = {The Lancet},
number = {17},
pmid = {29056410},
title = {{The Lancet Commission on pollution and health}},
volume = {6736},
year = {2017}
}
@article{Bettencourt2010,
archivePrefix = {arXiv},
arxivId = {hep-th/0610136v3},
author = {Bettencourt, L. M. A. and West, Geoffrey},
doi = {10.1038/467912a},
eprint = {0610136v3},
isbn = {0028-0836},
issn = {0028-0836},
journal = {Nature},
number = {7318},
pages = {912--913},
pmid = {20962823},
primaryClass = {hep-th},
title = {{A unified theory of urban living}},
url = {https://www.nature.com/articles/467912a},
volume = {467},
year = {2010}
}
@article{Coutts2012,
author = {Coutts, A. M. and Tapper, N. J. and Beringer, J. and Loughnan, M. and Demuzere, M.},
doi = {10.1177/0309133312461032},
issn = {0309-1333},
journal = {Progress in Physical Geography},
number = {1},
pages = {2--28},
title = {{Watering our Cities: The capacity for Water Sensitive Urban Design to support urban cooling and improve human thermal comfort in the Australian context}},
url = {http://ppg.sagepub.com/cgi/doi/10.1177/0309133312461032},
volume = {37},
year = {2012}
}
@article{Bowler2010,
author = {Bowler, Diana E. and Buyung-Ali, Lisette and Knight, Teri M. and Pullin, Andrew S.},
doi = {10.1016/j.landurbplan.2010.05.006},
issn = {01692046},
journal = {Landscape and Urban Planning},
number = {3},
pages = {147--155},
publisher = {Elsevier B.V.},
title = {{Urban greening to cool towns and cities: A systematic review of the empirical evidence}},
volume = {97},
year = {2010}
}
@article{Vlahov2002,
author = {Vlahov, David and Galea, Sandro},
journal = {Journal of Urban Health: Bulletin of the New York Academy of Medicine},
number = {4},
pages = {1--12},
title = {{Urbanization, Urbanicity, and Health}},
volume = {79},
year = {2002}
}
@article{Kropp1998,
author = {Kropp, J},
journal = {Applied Geography},
keywords = {city systems,kohonen},
number = {1},
pages = {83--96},
title = {{A neural network approach to the analysis of city systems}},
url = {https://www.sciencedirect.com/science/article/abs/pii/S0143622897000489},
volume = {18},
year = {1998}
}
@article{Crouch1977,
author = {Crouch, Dora P and Mundigo, Axel I},
journal = {The Town Planning Review},
number = {4},
pages = {397--418},
title = {{The City Planning Ordinances of the Laws of the Indies Revisited. Part II: Three American Cities}},
url = {https://www.jstor.org/stable/40103295},
volume = {48},
year = {1977}
}
@article{Chu2003,
author = {Chu, D A and Kaufman, Y J and Zibordi, G and Chern, J D and Mao, Jietai and Holben, B. N. and Li, Chengcai},
doi = {10.1029/2002JD003179},
journal = {Journal of Geophysical Research},
keywords = {doi:10.1029/2002JD003179,http://dx.doi.org/10.1029/2002JD003179},
number = {D21},
pages = {4661},
title = {{Global monitoring of air pollution over land from the Earth Observing System-Terra Moderate Resolution Imaging Spectroradiometer (MODIS)}},
volume = {108},
year = {2003}
}
@article{Levy2013,
author = {Levy, R C and Mattoo, S and Munchak, L A and Remer, L A and Sayer, A M and Patadia, F and Hsu, N C},
doi = {10.5194/amt-6-2989-2013},
journal = {Atmos. Meas. Tech.},
pages = {2989--3034},
title = {{The Collection 6 MODIS aerosol products over land and ocean}},
volume = {6},
year = {2013}
}
@article{Cleveland1990,
author = {Cleveland, R. B. and Cleveland, W. S. and McRae, J.E. and Terpenning, I.},
journal = {Journal of Official Statistics},
number = {1},
pages = {3--73},
title = {{STL: A Seasonal-Trend Decomposition Procedure Based on LOESS}},
volume = {6},
year = {1990}
}
@misc{RCoreTeam2015,
author = {{R Core Team}},
title = {{R: A language and environment for statistical computing. R Foundation for Statistical Computing, Vienna, Austria}},
url = {www.R-project.org},
year = {2015}
}
@incollection{Cleveland1992,
author = {Cleveland, W. S. and Grosse, E. and Shyu, W. M.},
booktitle = {Statistical Models},
chapter = {8},
editor = {Chambers, J.M. and Hastie, T.J.},
publisher = {Wadsworth {\&} Brooks/Cole},
title = {{Local regression models}},
year = {1992}
}
@article{Boersma2007a,
author = {Boersma, K. F. and Eskes, H. J. and Veefkind, J. P. and Brinksma, E. J. and van der A, R. J. and Sneep, M. and van der Oord, G. H. J. and Levelt, P. F. and Stammes, P. and Gleason, J. F. and Bucsela, E. J.},
journal = {Atmos. Chem. Phys.},
pages = {2103--2118},
title = {{Near-real time retrieval of tropospheric NO2 from OMI}},
volume = {7},
year = {2007}
}
@article{Middel2019,
author = {Middel, Ariane and Lukasczyk, Jonas and Zakrzewski, Sophie and Arnold, Michael and Maciejewski, Ross},
doi = {10.1016/j.landurbplan.2018.12.001},
issn = {0169-2046},
journal = {Landscape and Urban Planning},
keywords = {Deep learning,Google Street View,Human-centric,Spherical fractions,Street canyon,Urban form and composition,urban form and composition},
pages = {122--132},
publisher = {Elsevier},
title = {{Urban form and composition of street canyons: A human-centric big data and deep learning approach}},
url = {https://doi.org/10.1016/j.landurbplan.2018.12.001},
volume = {183},
year = {2019}
}
@article{Middel2018,
author = {Middel, Ariane and Lukasczyk, Jonas and Maciejewski, Ross and Demuzere, Matthias and Roth, Matthias},
doi = {10.1016/j.uclim.2018.05.004},
issn = {22120955},
journal = {Urban Climate},
pages = {120--134},
publisher = {Elsevier},
title = {{Sky View Factor Footprints for Urban Climate Modeling}},
url = {https://www.sciencedirect.com/science/article/pii/S2212095518301883},
volume = {25},
year = {2018}
}
@article{Ewing2001,
author = {Ewing, R. and Cervero, Robert},
doi = {10.3141/1780-10},
isbn = {9780203136218},
issn = {0361-1981},
journal = {Transportation Research Record},
number = {Paper No. 01-3515},
pages = {87--114},
pmid = {21290547},
title = {{Travel and the built environment: a synthesis}},
volume = {1780},
year = {2001}
}
@article{Ewing2009a,
author = {Ewing, R. and Dumbaugh, E.},
doi = {10.1177/0885412209335553},
isbn = {0885-4122},
issn = {0885-4122},
journal = {Journal of Planning Literature},
keywords = {built environment,street design,traffic safety,urban sprawl},
number = {4},
pages = {347--367},
title = {{The Built Environment and Traffic Safety: A Review of Empirical Evidence}},
volume = {23},
year = {2009}
}
@article{Rayner2010a,
author = {Rayner, P J and Raupach, M R and Paget, M and Peylin, P and Koffi, E},
doi = {10.1029/2009JD013439},
isbn = {2156-2202},
issn = {0148-0227},
journal = {J. Geophys. Res.},
number = {D19},
pages = {D19306},
title = {{A new global gridded data set of CO2 emissions from fossil fuel combustion: Methodology and evaluation}},
volume = {115},
year = {2010}
}
@article{Asefi-Najafabad2014,
author = {Asefi-Najafabad, S. and Rayner, P J and Gurney, K R and Mcrobert, A and Song, Y and Coltin, K and Huang, J and Elvidge, C and Baugh, K},
doi = {10.1002/2013JD021296.Received},
isbn = {2169897X},
issn = {2169-8996},
journal = {Journal of Geophysical Research Atmospheres},
keywords = {10.1002/2013JD021296 and fossil fuel CO2 emissions,center of mass,data assimilation,global grid,nightlight remote sensing,recession},
number = {17},
pages = {10213--10231},
title = {{A multiyear, global gridded fossil fuel CO2 emission data product: Evaluation and analysis of results}},
volume = {119},
year = {2014}
}
@misc{ApacheCommons2019,
author = {{Apache Commons}},
publisher = {http://commons.apache.org/proper/commons-math/index.html},
url = {http://commons.apache.org/proper/commons-math/index.html},
title = {{Apache Commons Math}},
year = {2019}
}
@techreport{CIESIN2018,
author = {{Center for International Earth Science Information Network (CIESIN)}},
doi = {https://doi.org/10.7927/H45Q4T5F},
title = {{Documentation for the Gridded Population of the World, Version 4 (GPWv4), Revision 11 Data Sets}},
url = {https://doi.org/10.7927/H45Q4T5F},
year = {2018}
}
@article{Ewing2010,
author = {Ewing, Reid and Cervero, Robert},
doi = {10.1080/01944361003766766},
journal = {Journal of the American Planning Association},
pages = {265--294},
title = {{Travel and the Built Environment: A Meta-Analysis}},
url = {https://www.tandfonline.com/doi/abs/10.1080/01944361003766766},
volume = {4363},
year = {2010}
}
@incollection{Barthelemy2016a,
author = {Barthelemy, Marc},
booktitle = {The Structure and Dynamics of Cities: Urban Data Analysis and Theoretical Modeling},
chapter = {3},
isbn = {9781316271377},
pages = {47--77},
publisher = {Cambridge University Press},
title = {{The spatial organization of cities}},
year = {2016}
}
@article{Day2016A,
author = {Day, Jennifer and Chen, Yiqun and Ellis, Peter and Roberts, Mark},
doi = {http://dx.doi.org/10.1080/17421772.2016.1102957},
journal = {Spatial Economic Analysis},
keywords = {Metropolitan region,Polygon data,Urban agglomeration,Urban extents,Urbanization},
number = {1},
pages = {67--91},
title = {{A Free, Open-Source Tool for Identifying Urban Agglomerations using Point Data}},
url = {https://www.tandfonline.com/doi/full/10.1080/17421772.2016.1102957},
volume = {11},
year = {2016}
}
@article{Day2017,
author = {Day, Jennifer and Chen, Yiqun and Ellis, Peter and Roberts, Mark},
doi = {10.1007/s10669-017-9623-z},
issn = {21945411},
journal = {Environment Systems and Decisions},
keywords = {Metropolitan region,Polygon data,Urban agglomeration,Urban extents,Urbanization},
number = {1},
pages = {68--87},
publisher = {Springer US},
title = {{A free, open-source tool for identifying urban agglomerations using polygon data}},
url = {https://link.springer.com/article/10.1007/s10669-017-9623-z},
volume = {37},
year = {2017}
}
@article{Quistberg2019,
author = {Quistberg, D Alex and Roux, Ana V Diez and Bilal, Usama and Moore, Kari and Ortigoza, Ana and Rodriguez, Daniel A and Sarmiento, Olga L and Frenz, Patricia and Friche, Am{\'{e}}lia Augusta and Caiaffa, Waleska Teixeira and Vives, Alejandra and Miranda, J Jaime and {Salurbal Group}},
doi = {10.1007/s11524-018-00326-0 Building},
journal = {J Urban Health},
keywords = {Built environment,Cities,Health Survey,Latin America,Mortality,Multilevel Models,Social Environment,Urban health},
pages = {311--337},
publisher = {Journal of Urban Health},
title = {{Building a Data Platform for Cross-Country Urban Health Studies: the SALURBAL Study}},
url = {https://link.springer.com/article/10.1007/s11524-018-00326-0},
volume = {96},
year = {2019}
}
@article{Arribas-Bel2019,
author = {Arribas-Bel, Daniel and Garcia-Lopez, Miquel-Angel and Viladecans-Marsal, Elisabet},
doi = {10.1016/j.jue.2019.103217},
journal = {Journal of Urban Economics},
title = {{Building(s and) cities: Delineating urban areas with a machine learning algorithm}},
url = {https://www.sciencedirect.com/science/article/abs/pii/S0094119019300944},
year = {2019}
}
@unpublished{Dijkstra2019,
author = {Dijkstra, Lewis and Poelman, Hugo and Veneri, Paolo},
doi = {https://dx.doi.org/10.1787/d58cb34d-en},
keywords = {city,delineation,functional urban area,metropolitan area},
title = {{The EU-OECD Definition of a Functional Urban Area. OECD Regional Development Working Papers 2019/11}},
year = {2019}
}
@article{Arcaute2016,
author = {Arcaute, Elsa and Molinero, Carlos and Hatna, Erez and Murcio, Roberto and Vargas-Ruiz, Camilo and Masucci, A Paolo and Batty, Michael and Arcaute, Elsa},
doi = {http://dx.doi.org/10.1098/rsos.150691},
journal = {Royal Society Open Science},
pages = {150691},
title = {{Cities and regions in Britain through hierarchical percolation}},
volume = {3},
year = {2016}
}
@article{Nice2020a,
author = {Nice, Kerry A and Thompson, Jason and Wijnands, Jasper S and Aschwanden, Gideon D P A and Stevenson, Mark},
doi = {10.3390/urbansci4020027},
journal = {Urban Science},
keywords = {health,machine learning,transport,urban design,urban typology},
pages = {27},
title = {{The "Paris-end" of Town? Deriving Urban Typologies Using Three Imagery Types}},
volume = {4},
year = {2020}
}
@article{Thompson2020,
author = {Thompson, Jason and Stevenson, Mark and Wijnands, Jasper S and Nice, Kerry A and Aschwanden, Gideon D P A and Silver, Jeremy and Nieuwenhuijsen, Mark and Rayner, Peter and Schofield, Robyn and Hariharan, Rohit and Morrison, Christopher N},
doi = {10.1016/S2542-5196(19)30263-3},
journal = {Lancet Planetary Health},
pages = {32--42},
title = {{A global analysis of urban design types and road transport injury: an image processing study}},
volume = {4},
year = {2020}
}
